 @Manual{R,
    title = {R: A Language and Environment for Statistical Computing},
    author = {{R Development Core Team}},
    organization = {R Foundation for Statistical Computing},
    address = {Vienna, Austria},
    year = {2008},
    note = {{ISBN} 3-900051-07-0},
    url = {http://www.R-project.org},
  }

 @Misc{rfaq,
       author        = {Kurt Hornik},
       title         = {The {R} {FAQ}},
       year          = {2008},
       note          = {{ISBN} 3-900051-08-9},
       url           = {http://CRAN.R-project.org/doc/FAQ/R-FAQ.html}
     }
